<record><leader>00000cas a22000007a 4500</leader><controlfield tag="001">24202234</controlfield><controlfield tag="008">910808d19881989couer ne      0    0eng d</controlfield><datafield ind1=" " ind2=" " tag="010"><subfield code="a">sn 91052621 </subfield></datafield><datafield ind1=" " ind2=" " tag="040"><subfield code="a">CNQ</subfield><subfield code="b">eng</subfield><subfield code="c">CNQ</subfield><subfield code="d">OCLCQ</subfield></datafield><datafield ind1="0" ind2=" " tag="130"><subfield code="a">Rustler (Oak Creek, Colo.)</subfield></datafield><datafield ind1="1" ind2="4" tag="245"><subfield code="a">The rustler.</subfield></datafield><datafield ind1=" " ind2=" " tag="260"><subfield code="a">Oak Creek, CO :</subfield><subfield code="b">Geri Hatlee</subfield></datafield><datafield ind1=" " ind2=" " tag="300"><subfield code="a">v.</subfield></datafield><datafield ind1=" " ind2=" " tag="310"><subfield code="a">Biweekly</subfield></datafield><datafield ind1="1" ind2=" " tag="362"><subfield code="a">Began in 1988?</subfield></datafield><datafield ind1="0" ind2=" " tag="362"><subfield code="a">-v. 2, no. 2 (June 2, 1989).</subfield></datafield><datafield ind1=" " ind2=" " tag="588"><subfield code="a">Description based on: Vol. 1, no. 9 (Sept. 8, 1988).</subfield></datafield><datafield ind1=" " ind2=" " tag="752"><subfield code="a">United States</subfield><subfield code="b">Colorado</subfield><subfield code="c">Routt</subfield><subfield code="d">Oak Creek.</subfield></datafield><datafield ind1="0" ind2="0" tag="785"><subfield code="t">Yampa Valley rustler</subfield><subfield code="w">(DLC)sn 91052622</subfield></datafield></record>